@book{alligoodk.1996,
  title = {{{CHAOS}}: {{An Introduction}} to {{Dynamical Systems}}},
  author = {Alligood, K. and Sauer, T. D. and Yorke, J. A., K.},
  date = {1996},
  publisher = {{Springer}}
}

@book{bacaern.2011,
  title = {A {{Short Story}} of {{Mathematical Population}}},
  author = {{Bacaër, N.}},
  date = {2011},
  publisher = {{Springer}},
  isbn = {978-0-85729-114-1},
  pagetotal = {160}
}

@misc{base_article,
  title = {Predator-{{Prey Population Dynamics}}: The {{Lotka-Volterra}} Model in {{Stan}}},
  author = {Carpenter, Bob},
  date = {2018},
  url = {https://mc-stan.org/users/documentation/case-studies/lotka-volterra-predator-prey.html}
}

@book{brauer2012,
  title = {Mathematical {{Models}} in {{Population Biology}} and {{Epidemiology}}},
  author = {Brauer, Fred and Castillo-Chavez, Carlos},
  date = {2012},
  series = {Texts in {{Applied Mathematics}}},
  volume = {40},
  publisher = {{Springer New York}},
  location = {{New York, NY}},
  doi = {10.1007/978-1-4614-1686-9},
  url = {https://link.springer.com/10.1007/978-1-4614-1686-9},
  urldate = {2023-04-09},
  isbn = {978-1-4614-1685-2 978-1-4614-1686-9},
  langid = {english},
  file = {/home/davedamian_/Documentos/Data Science/PRIMAVERA 2023/modelacion-bayesiana/proyecto_final/bibliografía/Mathematical Models in population biology and epidemiology.pdf}
}

@misc{cv_time_series,
  title = {Approximate Leave-Future-out Cross-Validation for {{Bayesian}} Time Series Models},
  author = {Jonah, Paul and Gabry, Jonah and Vehtari, Aki},
  date = {2023},
  url = {https://mc-stan.org/loo/articles/loo2-lfo.html}
}

@article{czajkowski1990,
  entrysubtype = {magazine},
  title = {Iterative Solutions of the {{Lotka-Volterra}} Equations},
  author = {Czajkowski, C. and Schillak, P.},
  date = {1990},
  journaltitle = {Il Nuovo Cimento D},
  volume = {12},
  pages = {1477--1480}
}

@misc{garbuno_calibration,
  title = {Calibración Basada En Simulación},
  author = {Garbuno, Iñigo, A.},
  date = {2023},
  url = {https://github.com/agarbuno/modelacion-bayesiana/blob/spring-2023/docs/08-calibracion.pdf}
}

@misc{garbuno_predictive,
  title = {Muestreo Predictivo},
  author = {Garbuno, Iñigo, A.},
  date = {2023},
  url = {https://github.com/agarbuno/modelacion-bayesiana/blob/spring-2023/docs/07-muestreo-predictivo.pdf}
}

@misc{garbuno_workflow,
  title = {Workflow},
  author = {Garbuno, Iñigo, A.},
  date = {2023},
  url = {https://github.com/agarbuno/modelacion-bayesiana/blob/spring-2023/docs/06-workflow.pdf}
}

@misc{howardp.2009,
  title = {Modeling Basics. {{Lecture Notes}} for {{Math}} 442, {{Texas A}}\&{{M University}}.},
  author = {{Howard, P.}},
  date = {2009}
}

@book{iannellim.,
  title = {An {{Introduction}} to {{Mathematical Population Dynamics}}},
  author = {{Iannelli,M.} and {Pugliese, A.}},
  volume = {79},
  publisher = {{Springer}},
  isbn = {978-3-319-03025-8}
}

@misc{mcmc_diagnose_stan,
  title = {Visual {{MCMC}} Diagnostics Using the Bayesplot Package},
  author = {Gabry, Jonah and Modrák, Martin},
  date = {2022},
  url = {https://mc-stan.org/bayesplot/articles/visual-mcmc-diagnostics.html}
}

@article{murty1990,
  entrysubtype = {magazine},
  title = {Approximate Analytical Solutions to the Three-Species Ecological System},
  author = {Murty, K. N. and Srinivas, M. A. S and Prasad, K. R},
  date = {1990},
  journaltitle = {Journal of Mathematical Analysis and Applications},
  volume = {145},
  number = {1},
  pages = {89--99},
  issn = {0022-247X},
  url = {https://www.sciencedirect.com/science/article/pii/0022247X9090433G}
}

@article{rank_norm,
  entrysubtype = {magazine},
  title = {Rank-Normalization, Folding, and Localization: {{An}} Improved $\hat {R}$ for Assessing Convergence of {{MCMC}} (with Discussion)},
  author = {Vehtari, Aki and Gelman, Andrew and Simpson, Daniel and Carpenter, Bob},
  date = {2021},
  journaltitle = {Bayesian analysis},
  volume = {16},
  number = {2},
  pages = {667--718},
  issn = {0022-247X},
  url = {https://www.sciencedirect.com/science/article/pii/0022247X9090433G}
}

@article{volterrav.1926,
  title = {Variazioni e Fluttazioni Del Numero d’individui in Specie Animali Conviventi},
  author = {{Volterra, V.}},
  date = {1926},
  journaltitle = {Mem. Acad. Sci. Lincei},
  shortjournal = {Mem. Acad. Sci. Lincei},
  volume = {2},
  pages = {31--113}
}

@misc{zotero-17,
  title = {Stan {{User}}’s {{Guide Version}} 2.31},
  author = {, STAN Development Team},
  url = {https://mc-stan.org/docs/2_31/stan-users-guide- 2_31.pdf}
}
